@book{MATLAB:2014,
year = {2014},
author = {MATLAB},
title = {version 8.3.0 (R2014a)},
publisher = {The MathWorks Inc.},
address = {Natick, Massachusetts}
}

@inproceedings{matconvnet,
      author    = {A. Vedaldi and K. Lenc},
      title     = {MatConvNet -- Convolutional Neural Networks for MATLAB},
      book      = {Proceeding of the {ACM} Int. Conf. on Multimedia}
      year      = {2015},
  }

  @InProceedings{Crowley14a,
  author       = "Crowley, E.~J. and Zisserman, A.",
  title        = "In Search of Art",
  booktitle    = "Workshop on Computer Vision for Art Analysis, ECCV",
  year         = "2014",
}

@InProceedings{Chatfield14,
  author       = "Chatfield, K. and Simonyan, K. and Vedaldi, A. and Zisserman, A.",
  title        = "Return of the Devil in the Details: Delving Deep into Convolutional Nets",
  booktitle    = "British Machine Vision Conference",
  year         = "2014",
}

@article{ILSVRC15,
Author = {Olga Russakovsky and Jia Deng and Hao Su and Jonathan Krause and Sanjeev Satheesh and Sean Ma and Zhiheng Huang and Andrej Karpathy and Aditya Khosla and Michael Bernstein and Alexander C. Berg and Li Fei-Fei},
Title = {{ImageNet Large Scale Visual Recognition Challenge}},
Year = {2015},
journal   = {International Journal of Computer Vision (IJCV)},
doi = {10.1007/s11263-015-0816-y},
volume={115},
number={3},
pages={211-252}
}

@article{viola,
 author = {Viola, Paul and Jones, Michael J.},
 title = {Robust Real-Time Face Detection},
 journal = {Int. J. Comput. Vision},
 issue_date = {May 2004},
 volume = {57},
 number = {2},
 month = may,
 year = {2004},
 issn = {0920-5691},
 pages = {137--154},
 numpages = {18},
 url = {http://dx.doi.org/10.1023/B:VISI.0000013087.49260.fb},
 doi = {10.1023/B:VISI.0000013087.49260.fb},
 acmid = {966458},
 publisher = {Kluwer Academic Publishers},
 address = {Hingham, MA, USA},
 keywords = {boosting, face detection, human sensing},
} 

@article{jia2015learning,
  title={Learning to classify gender from four million images},
  author={Jia, Sen and Cristianini, Nello},
  journal={Pattern Recognition Letters},
  volume={58},
  pages={35--41},
  year={2015},
  publisher={Elsevier}
}
@TechReport{LFWTech,
  author =       {Gary B. Huang and Manu Ramesh and Tamara Berg and 
                  Erik Learned-Miller},
  title =        {Labeled Faces in the Wild: A Database for Studying 
                  Face Recognition in Unconstrained Environments},
  institution =  {University of Massachusetts, Amherst},
  year =         2007,
  number =       {07-49},
  month =        {October}}
  
  @article{bainbridge2013intrinsic,
  title={The intrinsic memorability of face photographs.},
  author={Bainbridge, Wilma A and Isola, Phillip and Oliva, Aude},
  journal={Journal of Experimental Psychology: General},
  volume={142},
  number={4},
  pages={1323},
  year={2013},
  publisher={American Psychological Association}
}

@article{van2015toward,
  title={Toward Discovery of the Artist's Style: Learning to recognize artists by their artworks},
  author={van Noord, Nanne and Hendriks, Ella and Postma, Eric},
  journal={Signal Processing Magazine, IEEE},
  volume={32},
  number={4},
  pages={46--54},
  year={2015},
  publisher={IEEE}
}

@inproceedings{zhu2012face,
  title={Face detection, pose estimation, and landmark localization in the wild},
  author={Zhu, Xiangxin and Ramanan, Deva},
  booktitle={Computer Vision and Pattern Recognition (CVPR), 2012 IEEE Conference on},
  pages={2879--2886},
  year={2012},
  organization={IEEE}
}

@inproceedings{XiongD13, 
    author = {Xuehan Xiong and Fernando {De la Torre}}, 
    title = {Supervised Descent Method and its Applications to Face Alignment}, 
    booktitle = {IEEE Conference on Computer Vision and Pattern Recognition (CVPR)}, 
    year = {2013}, 
} 

@article{srinivasan2015computerized,
  title={Computerized Face Recognition in Renaissance Portrait Art: A quantitative measure for identifying uncertain subjects in ancient portraits},
  author={Srinivasan, Ramya and Rudolph, Conrad and Roy-Chowdhury, Amit K},
  journal={Signal Processing Magazine, IEEE},
  volume={32},
  number={4},
  pages={85--94},
  year={2015},
  publisher={IEEE}
}

@misc{googleImage,
	title={http://www.google.com/images},
	author={Google image search}
}

@misc{pascal-voc-2012,
	author = "Everingham, M. and Van~Gool, L. and Williams, C. K. I. and Winn, J. and Zisserman, A.",
	title = "The {PASCAL} {V}isual {O}bject {C}lasses {C}hallenge 2012 {(VOC2012)} {R}esults",
	howpublished = "http://www.pascal-network.org/challenges/VOC/voc2012/workshop/index.html"}
	
	@incollection{agrawal2014analyzing,
  title={Analyzing the performance of multilayer neural networks for object recognition},
  author={Agrawal, Pulkit and Girshick, Ross and Malik, Jitendra},
  booktitle={Computer Vision--ECCV 2014},
  pages={329--344},
  year={2014},
  publisher={Springer}
}


@incollection{mathias2014face,
  title={Face detection without bells and whistles},
  author={Mathias, Markus and Benenson, Rodrigo and Pedersoli, Marco and Van Gool, Luc},
  booktitle={Computer Vision--ECCV 2014},
  pages={720--735},
  year={2014},
  publisher={Springer}
}

@article{cheng2015semantically,
  title={Semantically-driven automatic creation of training sets for object recognition},
  author={Cheng, Dong Seon and Setti, Francesco and Zeni, Nicola and Ferrario, Roberta and Cristani, Marco},
  journal={Computer Vision and Image Understanding},
  volume={131},
  pages={56--71},
  year={2015},
  publisher={Elsevier}
}

@inproceedings{lempitsky2010learning,
  title={Learning to count objects in images},
  author={Lempitsky, Victor and Zisserman, Andrew},
  booktitle={Advances in Neural Information Processing Systems},
  pages={1324--1332},
  year={2010}
}



@inproceedings{grosso2012understanding,
  title={Understanding critical factors in appearance-based gender categorization},
  author={Grosso, Enrico and Lagorio, Andrea and Pulina, Luca and Tistarelli, Massimo},
  booktitle={Computer Vision--ECCV 2012. Workshops and Demonstrations},
  pages={280--289},
  year={2012},
  organization={Springer}
}
@incollection{ng2012recognizing,
  title={Recognizing human gender in computer vision: a survey},
  author={Ng, Choon Boon and Tay, Yong Haur and Goi, Bok-Min},
  booktitle={PRICAI 2012: Trends in Artificial Intelligence},
  pages={335--346},
  year={2012},
  publisher={Springer}
}

@incollection{castrillon2013improving,
  title={Improving gender classification accuracy in the wild},
  author={Castrill{\'o}n-Santana, Modesto and Lorenzo-Navarro, Javier and Ram{\'o}n-Balmaseda, Enrique},
  booktitle={Progress in Pattern Recognition, Image Analysis, Computer Vision, and Applications},
  pages={270--277},
  year={2013},
  publisher={Springer}
}

@inproceedings{portraitpainting-npar11,
  author = {Mingtian Zhao and Song-Chun Zhu},
  title = {Portrait Painting Using Active Templates},
  booktitle = {NPAR '11: Proceedings of the ACM SIGGRAPH/Eurographics Symposium on Non-Photorealistic Animation and Rendering},
  year = {2011},
  isbn = {978-1-4503-0907-3},
  pages = {117--124},
  location = {Vancouver, British Columbia, Canada},
  doi = {http://doi.acm.org/10.1145/2024676.2024696},
  publisher = {ACM},
  address = {New York, NY, USA},
}



@book{rijksmuseum1976tot,
  title={Tot lering en vermaak: betekenissen van Hollandse genrevoorstellingen uit de zeventiende eeuw},
  author={Rijksmuseum (Netherlands)},
  year={1976},
  publisher={Rijksmuseum}
}

@misc{lecun1998mnist,
  title={The MNIST database of handwritten digits},
  author={LeCun, Yann and Cortes, Corinna and Burges, Christopher JC},
  year={1998}
}

@article{fisher1936use,
  title={The use of multiple measurements in taxonomic problems},
  author={Fisher, Ronald A},
  journal={Annals of eugenics},
  volume={7},
  number={2},
  pages={179--188},
  year={1936},
  publisher={Wiley Online Library}
}

@article{CC01a,
 author = {Chang, Chih-Chung and Lin, Chih-Jen},
 title = {{LIBSVM}: A library for support vector machines},
 journal = {ACM Transactions on Intelligent Systems and Technology},
 volume = {2},
 issue = {3},
 year = {2011},
 pages = {27:1--27:27},
 note =	 {Software available at \url{http://www.csie.ntu.edu.tw/~cjlin/libsvm}}
}